<?xml version="1.0" encoding="UTF-8"?>
<collection xmlns:xsi="http://www.w3.org/2001/XMLSchema-instance" xsi:schemaLocation="http://www.loc.gov/MARC21/slim http://www.loc.gov/standards/marcxml/schema/MARC21slim.xsd" xmlns="http://www.loc.gov/MARC21/slim">
<record>
  <leader>00548cam a2200193 u 4500</leader>
  <controlfield tag="001">644554</controlfield>
  <controlfield tag="003">NNC</controlfield>
  <controlfield tag="005">20100307232207.0</controlfield>
  <controlfield tag="008">880427q18801929ua ||||||||| |||||||ara |</controlfield>
  <datafield tag="035" ind1=" " ind2=" ">
    <subfield code="a">(OCoLC)506941635</subfield>
  </datafield>
  <datafield tag="035" ind1=" " ind2=" ">
    <subfield code="a">(OCoLC)ocn506941635</subfield>
  </datafield>
  <datafield tag="035" ind1=" " ind2=" ">
    <subfield code="a">(CStRLIN)NYCG88-B30228</subfield>
  </datafield>
  <datafield tag="035" ind1=" " ind2=" ">
    <subfield code="9">ACV1462CU</subfield>
  </datafield>
  <datafield tag="035" ind1=" " ind2=" ">
    <subfield code="a">(NNC)644554</subfield>
  </datafield>
  <datafield tag="100" ind1=" " ind2=" ">
    <subfield code="a">Abū Tammām Ḥabīb ibn Aws al-Ṭāʾī,</subfield>
    <subfield code="d">fl. 808-842.</subfield>
  </datafield>
  <datafield tag="240" ind1="1" ind2="0">
    <subfield code="a">Poems</subfield>
  </datafield>
  <datafield tag="245" ind1="1" ind2="0">
    <subfield code="a">Diwan Abi Tammam al-Taʾi Habib ibn Aws.</subfield>
  </datafield>
  <datafield tag="260" ind1=" " ind2=" ">
    <subfield code="a">[Cairo] :</subfield>
    <subfield code="b">Muhammad Jamal,</subfield>
    <subfield code="c">[before 1930]</subfield>
  </datafield>
  <datafield tag="300" ind1=" " ind2=" ">
    <subfield code="a">516 p.</subfield>
  </datafield>
  <datafield tag="955" ind1=" " ind2=" ">
    <subfield code="b">CU59574674</subfield>
    <subfield code="d">off,glx</subfield>
    <subfield code="e">ME06398</subfield>
  </datafield>
</record>
</collection>